@book{ISL,
 author = {James, Gareth and Witten, Daniela and Hastie, Trevor and Tibshirani, Robert},
 title = {An Introduction to Statistical Learning: With Applications in R},
 year = {2014},
 isbn = {1461471370, 9781461471370},
 publisher = {Springer Publishing Company, Incorporated},
} 

@book{ESL,
  address = {New York, NY, USA},
  author = {Hastie, Trevor and Tibshirani, Robert and Friedman, Jerome},
  publisher = {Springer New York Inc.},
  series = {Springer Series in Statistics},
  title = {The Elements of Statistical Learning},
  year = {2001}
}

@book{CSI,
 author = {Efron, Bradley and Hastie, Trevor},
 title = {Computer Age Statistical Inference: Algorithms, Evidence, and Data Science},
 year = {2016},
 isbn = {1107149894, 9781107149892},
 edition = {1st},
 publisher = {Cambridge University Press},
 address = {New York, NY, USA},
} 

@unpublished{Schmitz2017,
    author  = "Tom Schmitz",
    title   = "Topics in International Trade",
    year    = "2017",
    note    = "Lecture Notes"
}

@article{George1993,
author = "George, E.L., and McCulloch, R.E.",
title = "Variable Selection Via Gibbs Sampling",
journal = "Journal of the American Statistical Association",
volume = "88",
pages = "881-889",
year  = "1993",
}

@article{Kuo1998,
author = "Kuo, L. and Mallick, B.",
title = "Variable selection for regression models",
journal = "Journal of the American Statistical Association",
volume = "B",
number = "60",
pages = "65-81",
publisher = "Sankhya Ser. B",
year  = "1998",
}

@article{George2000,
author = { Edward I.   George },
title = {The Variable Selection Problem},
journal = {Journal of the American Statistical Association},
volume = {95},
number = {452},
pages = {1304-1308},
year  = {2000},
publisher = {Taylor & Francis},
doi = {10.1080/01621459.2000.10474336},
URL = {http://amstat.tandfonline.com/doi/abs/10.1080/01621459.2000.10474336},
eprint = {http://amstat.tandfonline.com/doi/pdf/10.1080/01621459.2000.10474336}
}

@book{Gelman2004,
  address = {Boca Raton, FL},
  author = {Gelman, Andrew and Carlin, John B. and Stern, Hal S. and Rubin, Donald B.},
  edition = 2,
  publisher = {Chapman \& Hall/CRC},
  title = {Bayesian data analysis},
  url = {http://books.google.com/books?hl=en&amp;lr=&amp;id=TNYhnkXQSjAC&amp;oi=fnd&amp;pg=PP1&amp;dq=Bayesian+Data+Analysis&amp;ots=5H1PfFCBH4&amp;sig=CRwhABhiG-7VzVwtxPFDEOo2IeQ},
  year = 2004
}


@book {Joe2015,
author = {J. Wakefield},
title = {Bayesian and Frequentist Regression Methods},
publisher = {Springer},
edition = {4},
year = {2015},
}

@article{Garcia2017,
month = {December},
title = {Methods and tools for Bayesian variable selection and model averaging in normal linear regression},
author = {Anabel Forte and Gonzalo Garcia-Donato and Mark F. J. Steel},
publisher = {Wiley-Blackwell Publishing Ltd.},
year = {2017},
journal = {International Statistical Review},
url = {http://wrap.warwick.ac.uk/96905/}
}

@article{George1997,
author = "George, E.L., and McCulloch, R.E.",
title = "Approaches For Bayesian Variable Selection",
journal = "Journal of the American Statistical Association",
year  = "1997",
}

@article{Practical2001,
author = "Chipman, H. and George, E.L. and McCulloch, R.E.",
title = "The Practical Implementation of Bayesian Model Selection",
journal = "IMS Lecture Notes - Monograph Series (2001) Volume 38",
year  = "2001",
}

@article{Spike2011,
author = "G. Malsiner-Walli and H.Wagner",
title = "Comparing Spike and Slab Priors for Bayesian Variable Selection",
journal = "Austrian Journal of Statistics",
volume = {40},
number = {4},
pages = {241–264},
year  = "2011",
}

@article{Review2009,
author = "R.B. O’Hara and M. J. Sillanpaa",
title = "A Review of Bayesian Variable Selection Methods: What, How and Which",
journal = "Bayesian Analysis",
volume = {4},
number = {1},
pages = {85–118},
year  = "2009",
}

@article{Bayarri2012,
author = "M. J. Bayarri, J.O. Berger, A. Forte, G. Garcia-Donato",
title = "Criteria for Bayesian model choice with application to variable selection",
journal = "The Annals of Statistics",
volume = {40},
number = {3},
pages = {1550-1577},
year  = "2012",
}

@article{Ish2005,
author = "H. Ishwaran and J. S. Rao",
title = "Spike and slab variable selection: frequantist and Bayesian strategies",
journal = "The Annals of Statistics",
volume = {33},
number = {2},
pages = {730-773},
year  = "2005",
}